@misc{natgeo,author = {Mary Schons}, title={Superfund}, url={https://www.nationalgeographic.org/news/superfund/}, journal={National Geographic Society}, author={National Geographic Society}, year={2011}, month={Jan}}

@misc{epa, author = {EPA}, title={Superfund}, url={https://www.epa.gov/superfund}, journal={EPA}, publisher={Environmental Protection Agency}, year={2018}, month={Jun}}